% Encoding: UTF-8

@Article{brown06,
  author  = {Lorna M. Brown and Stephen A. Brewster and Helen C. Purchase},
  title   = {Multidimensional Tactons for Non-Visual Information Presentation in Mobile Devices},
  journal = {MobileHCI 2006},
  year    = {2006},
}

@Article{lee10,
  author  = {Seungyon Lee and Thad Starner},
  title   = {BuzzWear: Alert Perception in Wearable Tactile Displays on the Wrist},
  journal = {CHI 2010},
  year    = {2010},
}

@Article{myles07,
  author  = {Kimberly Myles and Mary S. Binseel},
  title   = {The Tactile Modality: A Review of Tactile Sensitivity and Human Tactile Interfaces},
  journal = {U.S. Army Research Laboratory},
  year    = {2007},
}

@Article{pielot13,
  author  = {Martin Pielot and Rodrigo de Oliveira},
  title   = {Peripheral Vibro-Tactile Displays},
  journal = {MOBILE HCI 2013},
  year    = {2013},
}

@Article{bial11,
  author  = {Dominik Bial and Folian Alt and Dagmar Ker and Albrecht Schmidt},
  title   = {Enhancing Outdoor Navigation Systems through Vibrotactile Feedback},
  journal = {CHI 2011},
  year    = {2011},
}

@Book{buxton07,
  title     = {Sketching User Experiences},
  publisher = {Morgan Kaufmann - Elsevier},
  year      = {2007},
  author    = {William Buxton},
}

@Article{Heuten08,
  author  = {Wilko Heuten and Niels Henze and Susanne Boll and Martin Pielot1},
  title   = {Tactile Wayfinder: A Non-Visual Support System for Wayfinding},
  journal = {NordiCHI 2008},
  year    = {2008},
}

@Article{Poppinga09,
  author  = {Benjamin Popinga and Martin Pielot and Susanne Boll},
  title   = {Tacticycle - A Tactile Display for Supporting Tourists on a Bicycle Trip},
  journal = {MobileHCI 2009},
  year    = {2009},
}

@Book{case15,
  title     = {Calm Technology and Patterns},
  publisher = {O'Reilly},
  year      = {2015},
  author    = {Amber Case},
  edition   = {First edition},
}

@Comment{jabref-meta: databaseType:bibtex;}
